@ARTICLE {cheng,
    author  = "N. Cheng and P. Mohapatra and M. Cunche and M. A. Kaafar and R. Boreli and S. Krishnamurthy",
    title   = "Inferring User Relationship from Hidden Information in WLANs",
    journal = "In Military Communications Conference IEEE",
    year    = "2012"
}